<?xml version="1.0" encoding="UTF-8"?><collection xmlns="http://www.loc.gov/MARC21/slim"><record><leader>00525nam--2200181-i-4500</leader><controlfield tag="001">000033811</controlfield><controlfield tag="002">20161230</controlfield><controlfield tag="005">20161230201039</controlfield><controlfield tag="008">060222s1000------------r-----000-0-eng-d</controlfield><datafield ind1=" " ind2=" " tag="040"><subfield code="a">IFIN-HH</subfield></datafield><datafield ind1=" " ind2=" " tag="080"><subfield code="a">539.144.3:539.142.3(047.3)</subfield></datafield><datafield ind1="1" ind2=" " tag="100"><subfield code="a">Sakuda, Toshimi</subfield></datafield><datafield ind1="1" ind2="0" tag="245"><subfield code="a">Influence of alpha-clustering on the parity. levels in a=18 nuclei</subfield><subfield code="c">Toshimi sakuda, fukimi, nemoto</subfield></datafield><datafield ind1=" " ind2=" " tag="260"><subfield code="a">Miyazaki</subfield><subfield code="b">University</subfield><subfield code="c">1977</subfield></datafield><datafield ind1=" " ind2=" " tag="300"><subfield code="a">15P</subfield></datafield><datafield ind1="1" ind2=" " tag="700"><subfield code="a">Nemoto, Fumiki</subfield></datafield><datafield ind1=" " ind2=" " tag="852"><subfield code="a">45886</subfield><subfield code="c">539.14</subfield></datafield><datafield ind1=" " ind2=" " tag="CAT"><subfield code="a">Sys</subfield><subfield code="c">20120403</subfield><subfield code="h">150755</subfield></datafield></record></collection>